%YAML 1.1
%TAG !u! tag:unity3d.com,2011:
--- !u!1 &990660702465359588
GameObject:
  m_ObjectHideFlags: 0
  m_CorrespondingSourceObject: {fileID: 0}
  m_PrefabInstance: {fileID: 0}
  m_PrefabAsset: {fileID: 0}
  serializedVersion: 6
  m_Component:
  - component: {fileID: 2584711629773957268}
  m_Layer: 0
  m_Name: wioska
  m_TagString: Untagged
  m_Icon: {fileID: 0}
  m_NavMeshLayer: 0
  m_StaticEditorFlags: 0
  m_IsActive: 1
--- !u!4 &2584711629773957268
Transform:
  m_ObjectHideFlags: 0
  m_CorrespondingSourceObject: {fileID: 0}
  m_PrefabInstance: {fileID: 0}
  m_PrefabAsset: {fileID: 0}
  m_GameObject: {fileID: 990660702465359588}
  m_LocalRotation: {x: 0, y: 0, z: 0, w: 1}
  m_LocalPosition: {x: -5993.786, y: 3439.8396, z: -1482.3308}
  m_LocalScale: {x: 1, y: 1, z: 1}
  m_Children:
  - {fileID: 1803776640942919578}
  - {fileID: 4537226947041277294}
  - {fileID: 8051844935055617956}
  - {fileID: 3613034494979725139}
  - {fileID: 3517699902523692920}
  - {fileID: 6859642922627042454}
  - {fileID: 5663841451816413375}
  - {fileID: 3269821594331874680}
  - {fileID: 5258249979118728411}
  - {fileID: 3372799004710019235}
  - {fileID: 719477831729975642}
  - {fileID: 6184764157566111118}
  - {fileID: 7596031836019070999}
  - {fileID: 5742904212196538277}
  - {fileID: 3570655083980770419}
  - {fileID: 517441707178570038}
  - {fileID: 5073585812272913684}
  - {fileID: 2291016994492207499}
  - {fileID: 6195584819887751443}
  - {fileID: 1141805454330413551}
  m_Father: {fileID: 0}
  m_RootOrder: 0
  m_LocalEulerAnglesHint: {x: 0, y: 0, z: 0}
--- !u!1001 &1456870547666606503
PrefabInstance:
  m_ObjectHideFlags: 0
  serializedVersion: 2
  m_Modification:
    m_TransformParent: {fileID: 2584711629773957268}
    m_Modifications:
    - target: {fileID: 9031676289938768216, guid: 2eb0acf0f66c058418738a21e1fa551e,
        type: 3}
      propertyPath: m_Name
      value: rpgpp_lt_rocks_tiny_01 (21)
      objectReference: {fileID: 0}
    - target: {fileID: 9033480601153044912, guid: 2eb0acf0f66c058418738a21e1fa551e,
        type: 3}
      propertyPath: m_LocalPosition.x
      value: 327.5586
      objectReference: {fileID: 0}
    - target: {fileID: 9033480601153044912, guid: 2eb0acf0f66c058418738a21e1fa551e,
        type: 3}
      propertyPath: m_LocalPosition.y
      value: 387.6892
      objectReference: {fileID: 0}
    - target: {fileID: 9033480601153044912, guid: 2eb0acf0f66c058418738a21e1fa551e,
        type: 3}
      propertyPath: m_LocalPosition.z
      value: 471.05768
      objectReference: {fileID: 0}
    - target: {fileID: 9033480601153044912, guid: 2eb0acf0f66c058418738a21e1fa551e,
        type: 3}
      propertyPath: m_LocalRotation.x
      value: 0.02604929
      objectReference: {fileID: 0}
    - target: {fileID: 9033480601153044912, guid: 2eb0acf0f66c058418738a21e1fa551e,
        type: 3}
      propertyPath: m_LocalRotation.y
      value: -0.6576244
      objectReference: {fileID: 0}
    - target: {fileID: 9033480601153044912, guid: 2eb0acf0f66c058418738a21e1fa551e,
        type: 3}
      propertyPath: m_LocalRotation.z
      value: 0.003347174
      objectReference: {fileID: 0}
    - target: {fileID: 9033480601153044912, guid: 2eb0acf0f66c058418738a21e1fa551e,
        type: 3}
      propertyPath: m_LocalRotation.w
      value: -0.752888
      objectReference: {fileID: 0}
    - target: {fileID: 9033480601153044912, guid: 2eb0acf0f66c058418738a21e1fa551e,
        type: 3}
      propertyPath: m_RootOrder
      value: 12
      objectReference: {fileID: 0}
    - target: {fileID: 9033480601153044912, guid: 2eb0acf0f66c058418738a21e1fa551e,
        type: 3}
      propertyPath: m_LocalEulerAnglesHint.x
      value: 0
      objectReference: {fileID: 0}
    - target: {fileID: 9033480601153044912, guid: 2eb0acf0f66c058418738a21e1fa551e,
        type: 3}
      propertyPath: m_LocalEulerAnglesHint.y
      value: 343.966
      objectReference: {fileID: 0}
    - target: {fileID: 9033480601153044912, guid: 2eb0acf0f66c058418738a21e1fa551e,
        type: 3}
      propertyPath: m_LocalEulerAnglesHint.z
      value: 0
      objectReference: {fileID: 0}
    - target: {fileID: 9033480601153044912, guid: 2eb0acf0f66c058418738a21e1fa551e,
        type: 3}
      propertyPath: m_LocalScale.x
      value: 1.2823236
      objectReference: {fileID: 0}
    - target: {fileID: 9033480601153044912, guid: 2eb0acf0f66c058418738a21e1fa551e,
        type: 3}
      propertyPath: m_LocalScale.z
      value: 0.98066723
      objectReference: {fileID: 0}
    - target: {fileID: 9033480601153044912, guid: 2eb0acf0f66c058418738a21e1fa551e,
        type: 3}
      propertyPath: m_LocalScale.y
      value: 0.6252564
      objectReference: {fileID: 0}
    m_RemovedComponents: []
  m_SourcePrefab: {fileID: 100100000, guid: 2eb0acf0f66c058418738a21e1fa551e, type: 3}
--- !u!4 &7596031836019070999 stripped
Transform:
  m_CorrespondingSourceObject: {fileID: 9033480601153044912, guid: 2eb0acf0f66c058418738a21e1fa551e,
    type: 3}
  m_PrefabInstance: {fileID: 1456870547666606503}
  m_PrefabAsset: {fileID: 0}
--- !u!1001 &1803776640942789914
PrefabInstance:
  m_ObjectHideFlags: 0
  serializedVersion: 2
  m_Modification:
    m_TransformParent: {fileID: 2584711629773957268}
    m_Modifications:
    - target: {fileID: 100000, guid: cc4034e4bb7d9cd418975561c7bcd316, type: 3}
      propertyPath: m_Name
      value: rpgpp_lt_building_04
      objectReference: {fileID: 0}
    - target: {fileID: 400000, guid: cc4034e4bb7d9cd418975561c7bcd316, type: 3}
      propertyPath: m_LocalPosition.x
      value: 362.72998
      objectReference: {fileID: 0}
    - target: {fileID: 400000, guid: cc4034e4bb7d9cd418975561c7bcd316, type: 3}
      propertyPath: m_LocalPosition.y
      value: 390.26807
      objectReference: {fileID: 0}
    - target: {fileID: 400000, guid: cc4034e4bb7d9cd418975561c7bcd316, type: 3}
      propertyPath: m_LocalPosition.z
      value: 427.03015
      objectReference: {fileID: 0}
    - target: {fileID: 400000, guid: cc4034e4bb7d9cd418975561c7bcd316, type: 3}
      propertyPath: m_LocalRotation.x
      value: -0.015352296
      objectReference: {fileID: 0}
    - target: {fileID: 400000, guid: cc4034e4bb7d9cd418975561c7bcd316, type: 3}
      propertyPath: m_LocalRotation.y
      value: 0.63699067
      objectReference: {fileID: 0}
    - target: {fileID: 400000, guid: cc4034e4bb7d9cd418975561c7bcd316, type: 3}
      propertyPath: m_LocalRotation.z
      value: 0.01856992
      objectReference: {fileID: 0}
    - target: {fileID: 400000, guid: cc4034e4bb7d9cd418975561c7bcd316, type: 3}
      propertyPath: m_LocalRotation.w
      value: 0.7704949
      objectReference: {fileID: 0}
    - target: {fileID: 400000, guid: cc4034e4bb7d9cd418975561c7bcd316, type: 3}
      propertyPath: m_RootOrder
      value: 0
      objectReference: {fileID: 0}
    - target: {fileID: 400000, guid: cc4034e4bb7d9cd418975561c7bcd316, type: 3}
      propertyPath: m_LocalEulerAnglesHint.x
      value: -2.7120001
      objectReference: {fileID: 0}
    - target: {fileID: 400000, guid: cc4034e4bb7d9cd418975561c7bcd316, type: 3}
      propertyPath: m_LocalEulerAnglesHint.y
      value: 79.151
      objectReference: {fileID: 0}
    - target: {fileID: 400000, guid: cc4034e4bb7d9cd418975561c7bcd316, type: 3}
      propertyPath: m_LocalEulerAnglesHint.z
      value: 0.52000004
      objectReference: {fileID: 0}
    - target: {fileID: 400000, guid: cc4034e4bb7d9cd418975561c7bcd316, type: 3}
      propertyPath: m_LocalScale.x
      value: 2
      objectReference: {fileID: 0}
    - target: {fileID: 400000, guid: cc4034e4bb7d9cd418975561c7bcd316, type: 3}
      propertyPath: m_LocalScale.y
      value: 2
      objectReference: {fileID: 0}
    - target: {fileID: 400000, guid: cc4034e4bb7d9cd418975561c7bcd316, type: 3}
      propertyPath: m_LocalScale.z
      value: 2.336204
      objectReference: {fileID: 0}
    - target: {fileID: 2300000, guid: cc4034e4bb7d9cd418975561c7bcd316, type: 3}
      propertyPath: m_Materials.Array.data[0]
      value: 
      objectReference: {fileID: 2100000, guid: da342dbf699b56e49bdc992b3a533940, type: 2}
    m_RemovedComponents: []
  m_SourcePrefab: {fileID: 100100000, guid: cc4034e4bb7d9cd418975561c7bcd316, type: 3}
--- !u!4 &1803776640942919578 stripped
Transform:
  m_CorrespondingSourceObject: {fileID: 400000, guid: cc4034e4bb7d9cd418975561c7bcd316,
    type: 3}
  m_PrefabInstance: {fileID: 1803776640942789914}
  m_PrefabAsset: {fileID: 0}
--- !u!1001 &2307795710309031143
PrefabInstance:
  m_ObjectHideFlags: 0
  serializedVersion: 2
  m_Modification:
    m_TransformParent: {fileID: 2584711629773957268}
    m_Modifications:
    - target: {fileID: 5741712891240051179, guid: 8e1cd50843809964abf915e560aa9bb4,
        type: 3}
      propertyPath: m_Name
      value: rpgpp_lt_building_03
      objectReference: {fileID: 0}
    - target: {fileID: 5745196428870251331, guid: 8e1cd50843809964abf915e560aa9bb4,
        type: 3}
      propertyPath: m_LocalPosition.x
      value: 333.09668
      objectReference: {fileID: 0}
    - target: {fileID: 5745196428870251331, guid: 8e1cd50843809964abf915e560aa9bb4,
        type: 3}
      propertyPath: m_LocalPosition.y
      value: 388.89185
      objectReference: {fileID: 0}
    - target: {fileID: 5745196428870251331, guid: 8e1cd50843809964abf915e560aa9bb4,
        type: 3}
      propertyPath: m_LocalPosition.z
      value: 506.5993
      objectReference: {fileID: 0}
    - target: {fileID: 5745196428870251331, guid: 8e1cd50843809964abf915e560aa9bb4,
        type: 3}
      propertyPath: m_LocalRotation.x
      value: -0.015878687
      objectReference: {fileID: 0}
    - target: {fileID: 5745196428870251331, guid: 8e1cd50843809964abf915e560aa9bb4,
        type: 3}
      propertyPath: m_LocalRotation.y
      value: 0.9722562
      objectReference: {fileID: 0}
    - target: {fileID: 5745196428870251331, guid: 8e1cd50843809964abf915e560aa9bb4,
        type: 3}
      propertyPath: m_LocalRotation.z
      value: -0.008136196
      objectReference: {fileID: 0}
    - target: {fileID: 5745196428870251331, guid: 8e1cd50843809964abf915e560aa9bb4,
        type: 3}
      propertyPath: m_LocalRotation.w
      value: 0.23323707
      objectReference: {fileID: 0}
    - target: {fileID: 5745196428870251331, guid: 8e1cd50843809964abf915e560aa9bb4,
        type: 3}
      propertyPath: m_RootOrder
      value: 2
      objectReference: {fileID: 0}
    - target: {fileID: 5745196428870251331, guid: 8e1cd50843809964abf915e560aa9bb4,
        type: 3}
      propertyPath: m_LocalEulerAnglesHint.x
      value: 0.48200002
      objectReference: {fileID: 0}
    - target: {fileID: 5745196428870251331, guid: 8e1cd50843809964abf915e560aa9bb4,
        type: 3}
      propertyPath: m_LocalEulerAnglesHint.y
      value: -566.988
      objectReference: {fileID: 0}
    - target: {fileID: 5745196428870251331, guid: 8e1cd50843809964abf915e560aa9bb4,
        type: 3}
      propertyPath: m_LocalEulerAnglesHint.z
      value: -1.9870001
      objectReference: {fileID: 0}
    - target: {fileID: 5745196428870251331, guid: 8e1cd50843809964abf915e560aa9bb4,
        type: 3}
      propertyPath: m_LocalScale.x
      value: 2
      objectReference: {fileID: 0}
    - target: {fileID: 5745196428870251331, guid: 8e1cd50843809964abf915e560aa9bb4,
        type: 3}
      propertyPath: m_LocalScale.y
      value: 2
      objectReference: {fileID: 0}
    - target: {fileID: 5745196428870251331, guid: 8e1cd50843809964abf915e560aa9bb4,
        type: 3}
      propertyPath: m_LocalScale.z
      value: 2
      objectReference: {fileID: 0}
    m_RemovedComponents: []
  m_SourcePrefab: {fileID: 100100000, guid: 8e1cd50843809964abf915e560aa9bb4, type: 3}
--- !u!4 &8051844935055617956 stripped
Transform:
  m_CorrespondingSourceObject: {fileID: 5745196428870251331, guid: 8e1cd50843809964abf915e560aa9bb4,
    type: 3}
  m_PrefabInstance: {fileID: 2307795710309031143}
  m_PrefabAsset: {fileID: 0}
--- !u!1001 &2481208903927926054
PrefabInstance:
  m_ObjectHideFlags: 0
  serializedVersion: 2
  m_Modification:
    m_TransformParent: {fileID: 2584711629773957268}
    m_Modifications:
    - target: {fileID: 9031676289938768216, guid: 2eb0acf0f66c058418738a21e1fa551e,
        type: 3}
      propertyPath: m_Name
      value: rpgpp_lt_rocks_tiny_01 (14)
      objectReference: {fileID: 0}
    - target: {fileID: 9033480601153044912, guid: 2eb0acf0f66c058418738a21e1fa551e,
        type: 3}
      propertyPath: m_LocalPosition.x
      value: 321.4419
      objectReference: {fileID: 0}
    - target: {fileID: 9033480601153044912, guid: 2eb0acf0f66c058418738a21e1fa551e,
        type: 3}
      propertyPath: m_LocalPosition.y
      value: 387.42065
      objectReference: {fileID: 0}
    - target: {fileID: 9033480601153044912, guid: 2eb0acf0f66c058418738a21e1fa551e,
        type: 3}
      propertyPath: m_LocalPosition.z
      value: 471.79254
      objectReference: {fileID: 0}
    - target: {fileID: 9033480601153044912, guid: 2eb0acf0f66c058418738a21e1fa551e,
        type: 3}
      propertyPath: m_LocalRotation.x
      value: 0.003164846
      objectReference: {fileID: 0}
    - target: {fileID: 9033480601153044912, guid: 2eb0acf0f66c058418738a21e1fa551e,
        type: 3}
      propertyPath: m_LocalRotation.y
      value: 0.7574699
      objectReference: {fileID: 0}
    - target: {fileID: 9033480601153044912, guid: 2eb0acf0f66c058418738a21e1fa551e,
        type: 3}
      propertyPath: m_LocalRotation.z
      value: -0.02607209
      objectReference: {fileID: 0}
    - target: {fileID: 9033480601153044912, guid: 2eb0acf0f66c058418738a21e1fa551e,
        type: 3}
      propertyPath: m_LocalRotation.w
      value: -0.65234166
      objectReference: {fileID: 0}
    - target: {fileID: 9033480601153044912, guid: 2eb0acf0f66c058418738a21e1fa551e,
        type: 3}
      propertyPath: m_RootOrder
      value: 5
      objectReference: {fileID: 0}
    - target: {fileID: 9033480601153044912, guid: 2eb0acf0f66c058418738a21e1fa551e,
        type: 3}
      propertyPath: m_LocalEulerAnglesHint.x
      value: 0
      objectReference: {fileID: 0}
    - target: {fileID: 9033480601153044912, guid: 2eb0acf0f66c058418738a21e1fa551e,
        type: 3}
      propertyPath: m_LocalEulerAnglesHint.y
      value: 163.16501
      objectReference: {fileID: 0}
    - target: {fileID: 9033480601153044912, guid: 2eb0acf0f66c058418738a21e1fa551e,
        type: 3}
      propertyPath: m_LocalEulerAnglesHint.z
      value: 0
      objectReference: {fileID: 0}
    - target: {fileID: 9033480601153044912, guid: 2eb0acf0f66c058418738a21e1fa551e,
        type: 3}
      propertyPath: m_LocalScale.x
      value: 1.2804387
      objectReference: {fileID: 0}
    - target: {fileID: 9033480601153044912, guid: 2eb0acf0f66c058418738a21e1fa551e,
        type: 3}
      propertyPath: m_LocalScale.z
      value: 0.9823927
      objectReference: {fileID: 0}
    - target: {fileID: 9033480601153044912, guid: 2eb0acf0f66c058418738a21e1fa551e,
        type: 3}
      propertyPath: m_LocalScale.y
      value: 0.6252564
      objectReference: {fileID: 0}
    m_RemovedComponents: []
  m_SourcePrefab: {fileID: 100100000, guid: 2eb0acf0f66c058418738a21e1fa551e, type: 3}
--- !u!4 &6859642922627042454 stripped
Transform:
  m_CorrespondingSourceObject: {fileID: 9033480601153044912, guid: 2eb0acf0f66c058418738a21e1fa551e,
    type: 3}
  m_PrefabInstance: {fileID: 2481208903927926054}
  m_PrefabAsset: {fileID: 0}
--- !u!1001 &2921125891085421630
PrefabInstance:
  m_ObjectHideFlags: 0
  serializedVersion: 2
  m_Modification:
    m_TransformParent: {fileID: 2584711629773957268}
    m_Modifications:
    - target: {fileID: 9031676289938768216, guid: 2eb0acf0f66c058418738a21e1fa551e,
        type: 3}
      propertyPath: m_Name
      value: rpgpp_lt_rocks_tiny_01 (20)
      objectReference: {fileID: 0}
    - target: {fileID: 9033480601153044912, guid: 2eb0acf0f66c058418738a21e1fa551e,
        type: 3}
      propertyPath: m_LocalPosition.x
      value: 324.7798
      objectReference: {fileID: 0}
    - target: {fileID: 9033480601153044912, guid: 2eb0acf0f66c058418738a21e1fa551e,
        type: 3}
      propertyPath: m_LocalPosition.y
      value: 387.49097
      objectReference: {fileID: 0}
    - target: {fileID: 9033480601153044912, guid: 2eb0acf0f66c058418738a21e1fa551e,
        type: 3}
      propertyPath: m_LocalPosition.z
      value: 470.24274
      objectReference: {fileID: 0}
    - target: {fileID: 9033480601153044912, guid: 2eb0acf0f66c058418738a21e1fa551e,
        type: 3}
      propertyPath: m_LocalRotation.x
      value: 0.0024320523
      objectReference: {fileID: 0}
    - target: {fileID: 9033480601153044912, guid: 2eb0acf0f66c058418738a21e1fa551e,
        type: 3}
      propertyPath: m_LocalRotation.y
      value: -0.72405714
      objectReference: {fileID: 0}
    - target: {fileID: 9033480601153044912, guid: 2eb0acf0f66c058418738a21e1fa551e,
        type: 3}
      propertyPath: m_LocalRotation.z
      value: 0.04066658
      objectReference: {fileID: 0}
    - target: {fileID: 9033480601153044912, guid: 2eb0acf0f66c058418738a21e1fa551e,
        type: 3}
      propertyPath: m_LocalRotation.w
      value: 0.6885358
      objectReference: {fileID: 0}
    - target: {fileID: 9033480601153044912, guid: 2eb0acf0f66c058418738a21e1fa551e,
        type: 3}
      propertyPath: m_RootOrder
      value: 11
      objectReference: {fileID: 0}
    - target: {fileID: 9033480601153044912, guid: 2eb0acf0f66c058418738a21e1fa551e,
        type: 3}
      propertyPath: m_LocalEulerAnglesHint.x
      value: 1.771
      objectReference: {fileID: 0}
    - target: {fileID: 9033480601153044912, guid: 2eb0acf0f66c058418738a21e1fa551e,
        type: 3}
      propertyPath: m_LocalEulerAnglesHint.y
      value: 528.794
      objectReference: {fileID: 0}
    - target: {fileID: 9033480601153044912, guid: 2eb0acf0f66c058418738a21e1fa551e,
        type: 3}
      propertyPath: m_LocalEulerAnglesHint.z
      value: 0.597
      objectReference: {fileID: 0}
    - target: {fileID: 9033480601153044912, guid: 2eb0acf0f66c058418738a21e1fa551e,
        type: 3}
      propertyPath: m_LocalScale.x
      value: 1.2918245
      objectReference: {fileID: 0}
    - target: {fileID: 9033480601153044912, guid: 2eb0acf0f66c058418738a21e1fa551e,
        type: 3}
      propertyPath: m_LocalScale.z
      value: 0.9718203
      objectReference: {fileID: 0}
    - target: {fileID: 9033480601153044912, guid: 2eb0acf0f66c058418738a21e1fa551e,
        type: 3}
      propertyPath: m_LocalScale.y
      value: 0.6253666
      objectReference: {fileID: 0}
    m_RemovedComponents: []
  m_SourcePrefab: {fileID: 100100000, guid: 2eb0acf0f66c058418738a21e1fa551e, type: 3}
--- !u!4 &6184764157566111118 stripped
Transform:
  m_CorrespondingSourceObject: {fileID: 9033480601153044912, guid: 2eb0acf0f66c058418738a21e1fa551e,
    type: 3}
  m_PrefabInstance: {fileID: 2921125891085421630}
  m_PrefabAsset: {fileID: 0}
--- !u!1001 &2929166251155144867
PrefabInstance:
  m_ObjectHideFlags: 0
  serializedVersion: 2
  m_Modification:
    m_TransformParent: {fileID: 2584711629773957268}
    m_Modifications:
    - target: {fileID: 9031676289938768216, guid: 2eb0acf0f66c058418738a21e1fa551e,
        type: 3}
      propertyPath: m_Name
      value: rpgpp_lt_rocks_tiny_01 (27)
      objectReference: {fileID: 0}
    - target: {fileID: 9033480601153044912, guid: 2eb0acf0f66c058418738a21e1fa551e,
        type: 3}
      propertyPath: m_LocalPosition.x
      value: 327.5586
      objectReference: {fileID: 0}
    - target: {fileID: 9033480601153044912, guid: 2eb0acf0f66c058418738a21e1fa551e,
        type: 3}
      propertyPath: m_LocalPosition.y
      value: 387.6892
      objectReference: {fileID: 0}
    - target: {fileID: 9033480601153044912, guid: 2eb0acf0f66c058418738a21e1fa551e,
        type: 3}
      propertyPath: m_LocalPosition.z
      value: 471.05768
      objectReference: {fileID: 0}
    - target: {fileID: 9033480601153044912, guid: 2eb0acf0f66c058418738a21e1fa551e,
        type: 3}
      propertyPath: m_LocalRotation.x
      value: 0.02604929
      objectReference: {fileID: 0}
    - target: {fileID: 9033480601153044912, guid: 2eb0acf0f66c058418738a21e1fa551e,
        type: 3}
      propertyPath: m_LocalRotation.y
      value: -0.6576244
      objectReference: {fileID: 0}
    - target: {fileID: 9033480601153044912, guid: 2eb0acf0f66c058418738a21e1fa551e,
        type: 3}
      propertyPath: m_LocalRotation.z
      value: 0.003347174
      objectReference: {fileID: 0}
    - target: {fileID: 9033480601153044912, guid: 2eb0acf0f66c058418738a21e1fa551e,
        type: 3}
      propertyPath: m_LocalRotation.w
      value: -0.752888
      objectReference: {fileID: 0}
    - target: {fileID: 9033480601153044912, guid: 2eb0acf0f66c058418738a21e1fa551e,
        type: 3}
      propertyPath: m_RootOrder
      value: 18
      objectReference: {fileID: 0}
    - target: {fileID: 9033480601153044912, guid: 2eb0acf0f66c058418738a21e1fa551e,
        type: 3}
      propertyPath: m_LocalEulerAnglesHint.x
      value: 0
      objectReference: {fileID: 0}
    - target: {fileID: 9033480601153044912, guid: 2eb0acf0f66c058418738a21e1fa551e,
        type: 3}
      propertyPath: m_LocalEulerAnglesHint.y
      value: 343.966
      objectReference: {fileID: 0}
    - target: {fileID: 9033480601153044912, guid: 2eb0acf0f66c058418738a21e1fa551e,
        type: 3}
      propertyPath: m_LocalEulerAnglesHint.z
      value: 0
      objectReference: {fileID: 0}
    - target: {fileID: 9033480601153044912, guid: 2eb0acf0f66c058418738a21e1fa551e,
        type: 3}
      propertyPath: m_LocalScale.x
      value: 1.2823236
      objectReference: {fileID: 0}
    - target: {fileID: 9033480601153044912, guid: 2eb0acf0f66c058418738a21e1fa551e,
        type: 3}
      propertyPath: m_LocalScale.z
      value: 0.98066723
      objectReference: {fileID: 0}
    - target: {fileID: 9033480601153044912, guid: 2eb0acf0f66c058418738a21e1fa551e,
        type: 3}
      propertyPath: m_LocalScale.y
      value: 0.6252564
      objectReference: {fileID: 0}
    m_RemovedComponents: []
  m_SourcePrefab: {fileID: 100100000, guid: 2eb0acf0f66c058418738a21e1fa551e, type: 3}
--- !u!4 &6195584819887751443 stripped
Transform:
  m_CorrespondingSourceObject: {fileID: 9033480601153044912, guid: 2eb0acf0f66c058418738a21e1fa551e,
    type: 3}
  m_PrefabInstance: {fileID: 2929166251155144867}
  m_PrefabAsset: {fileID: 0}
--- !u!1001 &3670357052180248085
PrefabInstance:
  m_ObjectHideFlags: 0
  serializedVersion: 2
  m_Modification:
    m_TransformParent: {fileID: 2584711629773957268}
    m_Modifications:
    - target: {fileID: 9031676289938768216, guid: 2eb0acf0f66c058418738a21e1fa551e,
        type: 3}
      propertyPath: m_Name
      value: rpgpp_lt_rocks_tiny_01 (22)
      objectReference: {fileID: 0}
    - target: {fileID: 9033480601153044912, guid: 2eb0acf0f66c058418738a21e1fa551e,
        type: 3}
      propertyPath: m_LocalPosition.x
      value: 328.2495
      objectReference: {fileID: 0}
    - target: {fileID: 9033480601153044912, guid: 2eb0acf0f66c058418738a21e1fa551e,
        type: 3}
      propertyPath: m_LocalPosition.y
      value: 387.7002
      objectReference: {fileID: 0}
    - target: {fileID: 9033480601153044912, guid: 2eb0acf0f66c058418738a21e1fa551e,
        type: 3}
      propertyPath: m_LocalPosition.z
      value: 470.8448
      objectReference: {fileID: 0}
    - target: {fileID: 9033480601153044912, guid: 2eb0acf0f66c058418738a21e1fa551e,
        type: 3}
      propertyPath: m_LocalRotation.x
      value: 0.025818227
      objectReference: {fileID: 0}
    - target: {fileID: 9033480601153044912, guid: 2eb0acf0f66c058418738a21e1fa551e,
        type: 3}
      propertyPath: m_LocalRotation.y
      value: -0.3945975
      objectReference: {fileID: 0}
    - target: {fileID: 9033480601153044912, guid: 2eb0acf0f66c058418738a21e1fa551e,
        type: 3}
      propertyPath: m_LocalRotation.z
      value: -0.0048153563
      objectReference: {fileID: 0}
    - target: {fileID: 9033480601153044912, guid: 2eb0acf0f66c058418738a21e1fa551e,
        type: 3}
      propertyPath: m_LocalRotation.w
      value: -0.9184787
      objectReference: {fileID: 0}
    - target: {fileID: 9033480601153044912, guid: 2eb0acf0f66c058418738a21e1fa551e,
        type: 3}
      propertyPath: m_RootOrder
      value: 13
      objectReference: {fileID: 0}
    - target: {fileID: 9033480601153044912, guid: 2eb0acf0f66c058418738a21e1fa551e,
        type: 3}
      propertyPath: m_LocalEulerAnglesHint.x
      value: 0
      objectReference: {fileID: 0}
    - target: {fileID: 9033480601153044912, guid: 2eb0acf0f66c058418738a21e1fa551e,
        type: 3}
      propertyPath: m_LocalEulerAnglesHint.y
      value: 308.193
      objectReference: {fileID: 0}
    - target: {fileID: 9033480601153044912, guid: 2eb0acf0f66c058418738a21e1fa551e,
        type: 3}
      propertyPath: m_LocalEulerAnglesHint.z
      value: 0
      objectReference: {fileID: 0}
    - target: {fileID: 9033480601153044912, guid: 2eb0acf0f66c058418738a21e1fa551e,
        type: 3}
      propertyPath: m_LocalScale.x
      value: 1.1478658
      objectReference: {fileID: 0}
    - target: {fileID: 9033480601153044912, guid: 2eb0acf0f66c058418738a21e1fa551e,
        type: 3}
      propertyPath: m_LocalScale.z
      value: 1.1036849
      objectReference: {fileID: 0}
    - target: {fileID: 9033480601153044912, guid: 2eb0acf0f66c058418738a21e1fa551e,
        type: 3}
      propertyPath: m_LocalScale.y
      value: 0.6252564
      objectReference: {fileID: 0}
    m_RemovedComponents: []
  m_SourcePrefab: {fileID: 100100000, guid: 2eb0acf0f66c058418738a21e1fa551e, type: 3}
--- !u!4 &5742904212196538277 stripped
Transform:
  m_CorrespondingSourceObject: {fileID: 9033480601153044912, guid: 2eb0acf0f66c058418738a21e1fa551e,
    type: 3}
  m_PrefabInstance: {fileID: 3670357052180248085}
  m_PrefabAsset: {fileID: 0}
--- !u!1001 &3731055768300579087
PrefabInstance:
  m_ObjectHideFlags: 0
  serializedVersion: 2
  m_Modification:
    m_TransformParent: {fileID: 2584711629773957268}
    m_Modifications:
    - target: {fileID: 9031676289938768216, guid: 2eb0acf0f66c058418738a21e1fa551e,
        type: 3}
      propertyPath: m_Name
      value: rpgpp_lt_rocks_tiny_01 (15)
      objectReference: {fileID: 0}
    - target: {fileID: 9033480601153044912, guid: 2eb0acf0f66c058418738a21e1fa551e,
        type: 3}
      propertyPath: m_LocalPosition.x
      value: 322.08887
      objectReference: {fileID: 0}
    - target: {fileID: 9033480601153044912, guid: 2eb0acf0f66c058418738a21e1fa551e,
        type: 3}
      propertyPath: m_LocalPosition.y
      value: 387.43042
      objectReference: {fileID: 0}
    - target: {fileID: 9033480601153044912, guid: 2eb0acf0f66c058418738a21e1fa551e,
        type: 3}
      propertyPath: m_LocalPosition.z
      value: 471.58624
      objectReference: {fileID: 0}
    - target: {fileID: 9033480601153044912, guid: 2eb0acf0f66c058418738a21e1fa551e,
        type: 3}
      propertyPath: m_LocalRotation.x
      value: -0.0049958546
      objectReference: {fileID: 0}
    - target: {fileID: 9033480601153044912, guid: 2eb0acf0f66c058418738a21e1fa551e,
        type: 3}
      propertyPath: m_LocalRotation.y
      value: 0.9212165
      objectReference: {fileID: 0}
    - target: {fileID: 9033480601153044912, guid: 2eb0acf0f66c058418738a21e1fa551e,
        type: 3}
      propertyPath: m_LocalRotation.z
      value: -0.02578394
      objectReference: {fileID: 0}
    - target: {fileID: 9033480601153044912, guid: 2eb0acf0f66c058418738a21e1fa551e,
        type: 3}
      propertyPath: m_LocalRotation.w
      value: -0.38816294
      objectReference: {fileID: 0}
    - target: {fileID: 9033480601153044912, guid: 2eb0acf0f66c058418738a21e1fa551e,
        type: 3}
      propertyPath: m_RootOrder
      value: 6
      objectReference: {fileID: 0}
    - target: {fileID: 9033480601153044912, guid: 2eb0acf0f66c058418738a21e1fa551e,
        type: 3}
      propertyPath: m_LocalEulerAnglesHint.x
      value: 0
      objectReference: {fileID: 0}
    - target: {fileID: 9033480601153044912, guid: 2eb0acf0f66c058418738a21e1fa551e,
        type: 3}
      propertyPath: m_LocalEulerAnglesHint.y
      value: 127.39101
      objectReference: {fileID: 0}
    - target: {fileID: 9033480601153044912, guid: 2eb0acf0f66c058418738a21e1fa551e,
        type: 3}
      propertyPath: m_LocalEulerAnglesHint.z
      value: 0
      objectReference: {fileID: 0}
    - target: {fileID: 9033480601153044912, guid: 2eb0acf0f66c058418738a21e1fa551e,
        type: 3}
      propertyPath: m_LocalScale.x
      value: 1.1445026
      objectReference: {fileID: 0}
    - target: {fileID: 9033480601153044912, guid: 2eb0acf0f66c058418738a21e1fa551e,
        type: 3}
      propertyPath: m_LocalScale.z
      value: 1.1067659
      objectReference: {fileID: 0}
    - target: {fileID: 9033480601153044912, guid: 2eb0acf0f66c058418738a21e1fa551e,
        type: 3}
      propertyPath: m_LocalScale.y
      value: 0.6252564
      objectReference: {fileID: 0}
    m_RemovedComponents: []
  m_SourcePrefab: {fileID: 100100000, guid: 2eb0acf0f66c058418738a21e1fa551e, type: 3}
--- !u!4 &5663841451816413375 stripped
Transform:
  m_CorrespondingSourceObject: {fileID: 9033480601153044912, guid: 2eb0acf0f66c058418738a21e1fa551e,
    type: 3}
  m_PrefabInstance: {fileID: 3731055768300579087}
  m_PrefabAsset: {fileID: 0}
--- !u!1001 &3865303174018479467
PrefabInstance:
  m_ObjectHideFlags: 0
  serializedVersion: 2
  m_Modification:
    m_TransformParent: {fileID: 2584711629773957268}
    m_Modifications:
    - target: {fileID: 9031676289938768216, guid: 2eb0acf0f66c058418738a21e1fa551e,
        type: 3}
      propertyPath: m_Name
      value: rpgpp_lt_rocks_tiny_01 (17)
      objectReference: {fileID: 0}
    - target: {fileID: 9033480601153044912, guid: 2eb0acf0f66c058418738a21e1fa551e,
        type: 3}
      propertyPath: m_LocalPosition.x
      value: 321.4419
      objectReference: {fileID: 0}
    - target: {fileID: 9033480601153044912, guid: 2eb0acf0f66c058418738a21e1fa551e,
        type: 3}
      propertyPath: m_LocalPosition.y
      value: 387.42065
      objectReference: {fileID: 0}
    - target: {fileID: 9033480601153044912, guid: 2eb0acf0f66c058418738a21e1fa551e,
        type: 3}
      propertyPath: m_LocalPosition.z
      value: 471.79254
      objectReference: {fileID: 0}
    - target: {fileID: 9033480601153044912, guid: 2eb0acf0f66c058418738a21e1fa551e,
        type: 3}
      propertyPath: m_LocalRotation.x
      value: 0.003164846
      objectReference: {fileID: 0}
    - target: {fileID: 9033480601153044912, guid: 2eb0acf0f66c058418738a21e1fa551e,
        type: 3}
      propertyPath: m_LocalRotation.y
      value: 0.7574699
      objectReference: {fileID: 0}
    - target: {fileID: 9033480601153044912, guid: 2eb0acf0f66c058418738a21e1fa551e,
        type: 3}
      propertyPath: m_LocalRotation.z
      value: -0.02607209
      objectReference: {fileID: 0}
    - target: {fileID: 9033480601153044912, guid: 2eb0acf0f66c058418738a21e1fa551e,
        type: 3}
      propertyPath: m_LocalRotation.w
      value: -0.65234166
      objectReference: {fileID: 0}
    - target: {fileID: 9033480601153044912, guid: 2eb0acf0f66c058418738a21e1fa551e,
        type: 3}
      propertyPath: m_RootOrder
      value: 8
      objectReference: {fileID: 0}
    - target: {fileID: 9033480601153044912, guid: 2eb0acf0f66c058418738a21e1fa551e,
        type: 3}
      propertyPath: m_LocalEulerAnglesHint.x
      value: 0
      objectReference: {fileID: 0}
    - target: {fileID: 9033480601153044912, guid: 2eb0acf0f66c058418738a21e1fa551e,
        type: 3}
      propertyPath: m_LocalEulerAnglesHint.y
      value: 163.16501
      objectReference: {fileID: 0}
    - target: {fileID: 9033480601153044912, guid: 2eb0acf0f66c058418738a21e1fa551e,
        type: 3}
      propertyPath: m_LocalEulerAnglesHint.z
      value: 0
      objectReference: {fileID: 0}
    - target: {fileID: 9033480601153044912, guid: 2eb0acf0f66c058418738a21e1fa551e,
        type: 3}
      propertyPath: m_LocalScale.x
      value: 1.2804387
      objectReference: {fileID: 0}
    - target: {fileID: 9033480601153044912, guid: 2eb0acf0f66c058418738a21e1fa551e,
        type: 3}
      propertyPath: m_LocalScale.z
      value: 0.9823927
      objectReference: {fileID: 0}
    - target: {fileID: 9033480601153044912, guid: 2eb0acf0f66c058418738a21e1fa551e,
        type: 3}
      propertyPath: m_LocalScale.y
      value: 0.6252564
      objectReference: {fileID: 0}
    m_RemovedComponents: []
  m_SourcePrefab: {fileID: 100100000, guid: 2eb0acf0f66c058418738a21e1fa551e, type: 3}
--- !u!4 &5258249979118728411 stripped
Transform:
  m_CorrespondingSourceObject: {fileID: 9033480601153044912, guid: 2eb0acf0f66c058418738a21e1fa551e,
    type: 3}
  m_PrefabInstance: {fileID: 3865303174018479467}
  m_PrefabAsset: {fileID: 0}
--- !u!1001 &4266494156070788260
PrefabInstance:
  m_ObjectHideFlags: 0
  serializedVersion: 2
  m_Modification:
    m_TransformParent: {fileID: 2584711629773957268}
    m_Modifications:
    - target: {fileID: 9031676289938768216, guid: 2eb0acf0f66c058418738a21e1fa551e,
        type: 3}
      propertyPath: m_Name
      value: rpgpp_lt_rocks_tiny_01 (25)
      objectReference: {fileID: 0}
    - target: {fileID: 9033480601153044912, guid: 2eb0acf0f66c058418738a21e1fa551e,
        type: 3}
      propertyPath: m_LocalPosition.x
      value: 330.79688
      objectReference: {fileID: 0}
    - target: {fileID: 9033480601153044912, guid: 2eb0acf0f66c058418738a21e1fa551e,
        type: 3}
      propertyPath: m_LocalPosition.y
      value: 387.84912
      objectReference: {fileID: 0}
    - target: {fileID: 9033480601153044912, guid: 2eb0acf0f66c058418738a21e1fa551e,
        type: 3}
      propertyPath: m_LocalPosition.z
      value: 470.6905
      objectReference: {fileID: 0}
    - target: {fileID: 9033480601153044912, guid: 2eb0acf0f66c058418738a21e1fa551e,
        type: 3}
      propertyPath: m_LocalRotation.x
      value: -0.0167329
      objectReference: {fileID: 0}
    - target: {fileID: 9033480601153044912, guid: 2eb0acf0f66c058418738a21e1fa551e,
        type: 3}
      propertyPath: m_LocalRotation.y
      value: -0.3214553
      objectReference: {fileID: 0}
    - target: {fileID: 9033480601153044912, guid: 2eb0acf0f66c058418738a21e1fa551e,
        type: 3}
      propertyPath: m_LocalRotation.z
      value: 0.03714429
      objectReference: {fileID: 0}
    - target: {fileID: 9033480601153044912, guid: 2eb0acf0f66c058418738a21e1fa551e,
        type: 3}
      propertyPath: m_LocalRotation.w
      value: 0.946048
      objectReference: {fileID: 0}
    - target: {fileID: 9033480601153044912, guid: 2eb0acf0f66c058418738a21e1fa551e,
        type: 3}
      propertyPath: m_RootOrder
      value: 16
      objectReference: {fileID: 0}
    - target: {fileID: 9033480601153044912, guid: 2eb0acf0f66c058418738a21e1fa551e,
        type: 3}
      propertyPath: m_LocalEulerAnglesHint.x
      value: 0.51600003
      objectReference: {fileID: 0}
    - target: {fileID: 9033480601153044912, guid: 2eb0acf0f66c058418738a21e1fa551e,
        type: 3}
      propertyPath: m_LocalEulerAnglesHint.y
      value: 584.14
      objectReference: {fileID: 0}
    - target: {fileID: 9033480601153044912, guid: 2eb0acf0f66c058418738a21e1fa551e,
        type: 3}
      propertyPath: m_LocalEulerAnglesHint.z
      value: 1.7960001
      objectReference: {fileID: 0}
    - target: {fileID: 9033480601153044912, guid: 2eb0acf0f66c058418738a21e1fa551e,
        type: 3}
      propertyPath: m_LocalScale.x
      value: 1.1806722
      objectReference: {fileID: 0}
    - target: {fileID: 9033480601153044912, guid: 2eb0acf0f66c058418738a21e1fa551e,
        type: 3}
      propertyPath: m_LocalScale.z
      value: 1.073517
      objectReference: {fileID: 0}
    - target: {fileID: 9033480601153044912, guid: 2eb0acf0f66c058418738a21e1fa551e,
        type: 3}
      propertyPath: m_LocalScale.y
      value: 0.6253662
      objectReference: {fileID: 0}
    m_RemovedComponents: []
  m_SourcePrefab: {fileID: 100100000, guid: 2eb0acf0f66c058418738a21e1fa551e, type: 3}
--- !u!4 &5073585812272913684 stripped
Transform:
  m_CorrespondingSourceObject: {fileID: 9033480601153044912, guid: 2eb0acf0f66c058418738a21e1fa551e,
    type: 3}
  m_PrefabInstance: {fileID: 4266494156070788260}
  m_PrefabAsset: {fileID: 0}
--- !u!1001 &4537226947041669102
PrefabInstance:
  m_ObjectHideFlags: 0
  serializedVersion: 2
  m_Modification:
    m_TransformParent: {fileID: 2584711629773957268}
    m_Modifications:
    - target: {fileID: 100000, guid: af5390e2a0373984db3740f21c0ec034, type: 3}
      propertyPath: m_Name
      value: rpgpp_lt_building_01
      objectReference: {fileID: 0}
    - target: {fileID: 400000, guid: af5390e2a0373984db3740f21c0ec034, type: 3}
      propertyPath: m_LocalPosition.x
      value: 305.04346
      objectReference: {fileID: 0}
    - target: {fileID: 400000, guid: af5390e2a0373984db3740f21c0ec034, type: 3}
      propertyPath: m_LocalPosition.y
      value: 389.1604
      objectReference: {fileID: 0}
    - target: {fileID: 400000, guid: af5390e2a0373984db3740f21c0ec034, type: 3}
      propertyPath: m_LocalPosition.z
      value: 474.3534
      objectReference: {fileID: 0}
    - target: {fileID: 400000, guid: af5390e2a0373984db3740f21c0ec034, type: 3}
      propertyPath: m_LocalRotation.x
      value: -0.00798961
      objectReference: {fileID: 0}
    - target: {fileID: 400000, guid: af5390e2a0373984db3740f21c0ec034, type: 3}
      propertyPath: m_LocalRotation.y
      value: 0.755176
      objectReference: {fileID: 0}
    - target: {fileID: 400000, guid: af5390e2a0373984db3740f21c0ec034, type: 3}
      propertyPath: m_LocalRotation.z
      value: -0.020396197
      objectReference: {fileID: 0}
    - target: {fileID: 400000, guid: af5390e2a0373984db3740f21c0ec034, type: 3}
      propertyPath: m_LocalRotation.w
      value: 0.655156
      objectReference: {fileID: 0}
    - target: {fileID: 400000, guid: af5390e2a0373984db3740f21c0ec034, type: 3}
      propertyPath: m_RootOrder
      value: 1
      objectReference: {fileID: 0}
    - target: {fileID: 400000, guid: af5390e2a0373984db3740f21c0ec034, type: 3}
      propertyPath: m_LocalEulerAnglesHint.x
      value: 1.1650001
      objectReference: {fileID: 0}
    - target: {fileID: 400000, guid: af5390e2a0373984db3740f21c0ec034, type: 3}
      propertyPath: m_LocalEulerAnglesHint.y
      value: 98.091
      objectReference: {fileID: 0}
    - target: {fileID: 400000, guid: af5390e2a0373984db3740f21c0ec034, type: 3}
      propertyPath: m_LocalEulerAnglesHint.z
      value: -2.2240002
      objectReference: {fileID: 0}
    - target: {fileID: 400000, guid: af5390e2a0373984db3740f21c0ec034, type: 3}
      propertyPath: m_LocalScale.x
      value: 2.6000004
      objectReference: {fileID: 0}
    - target: {fileID: 400000, guid: af5390e2a0373984db3740f21c0ec034, type: 3}
      propertyPath: m_LocalScale.y
      value: 2.5999994
      objectReference: {fileID: 0}
    - target: {fileID: 400000, guid: af5390e2a0373984db3740f21c0ec034, type: 3}
      propertyPath: m_LocalScale.z
      value: 2.6000004
      objectReference: {fileID: 0}
    - target: {fileID: 2300000, guid: af5390e2a0373984db3740f21c0ec034, type: 3}
      propertyPath: m_Materials.Array.data[0]
      value: 
      objectReference: {fileID: 2100000, guid: da342dbf699b56e49bdc992b3a533940, type: 2}
    m_RemovedComponents: []
  m_SourcePrefab: {fileID: 100100000, guid: af5390e2a0373984db3740f21c0ec034, type: 3}
--- !u!4 &4537226947041277294 stripped
Transform:
  m_CorrespondingSourceObject: {fileID: 400000, guid: af5390e2a0373984db3740f21c0ec034,
    type: 3}
  m_PrefabInstance: {fileID: 4537226947041669102}
  m_PrefabAsset: {fileID: 0}
--- !u!1001 &5535167345166765507
PrefabInstance:
  m_ObjectHideFlags: 0
  serializedVersion: 2
  m_Modification:
    m_TransformParent: {fileID: 2584711629773957268}
    m_Modifications:
    - target: {fileID: 9031676289938768216, guid: 2eb0acf0f66c058418738a21e1fa551e,
        type: 3}
      propertyPath: m_Name
      value: rpgpp_lt_rocks_tiny_01 (23)
      objectReference: {fileID: 0}
    - target: {fileID: 9033480601153044912, guid: 2eb0acf0f66c058418738a21e1fa551e,
        type: 3}
      propertyPath: m_LocalPosition.x
      value: 329.3457
      objectReference: {fileID: 0}
    - target: {fileID: 9033480601153044912, guid: 2eb0acf0f66c058418738a21e1fa551e,
        type: 3}
      propertyPath: m_LocalPosition.y
      value: 387.73657
      objectReference: {fileID: 0}
    - target: {fileID: 9033480601153044912, guid: 2eb0acf0f66c058418738a21e1fa551e,
        type: 3}
      propertyPath: m_LocalPosition.z
      value: 470.0135
      objectReference: {fileID: 0}
    - target: {fileID: 9033480601153044912, guid: 2eb0acf0f66c058418738a21e1fa551e,
        type: 3}
      propertyPath: m_LocalRotation.x
      value: 0.04197988
      objectReference: {fileID: 0}
    - target: {fileID: 9033480601153044912, guid: 2eb0acf0f66c058418738a21e1fa551e,
        type: 3}
      propertyPath: m_LocalRotation.y
      value: -0.3632111
      objectReference: {fileID: 0}
    - target: {fileID: 9033480601153044912, guid: 2eb0acf0f66c058418738a21e1fa551e,
        type: 3}
      propertyPath: m_LocalRotation.z
      value: -0.018156335
      objectReference: {fileID: 0}
    - target: {fileID: 9033480601153044912, guid: 2eb0acf0f66c058418738a21e1fa551e,
        type: 3}
      propertyPath: m_LocalRotation.w
      value: -0.9305836
      objectReference: {fileID: 0}
    - target: {fileID: 9033480601153044912, guid: 2eb0acf0f66c058418738a21e1fa551e,
        type: 3}
      propertyPath: m_RootOrder
      value: 14
      objectReference: {fileID: 0}
    - target: {fileID: 9033480601153044912, guid: 2eb0acf0f66c058418738a21e1fa551e,
        type: 3}
      propertyPath: m_LocalEulerAnglesHint.x
      value: -2.265
      objectReference: {fileID: 0}
    - target: {fileID: 9033480601153044912, guid: 2eb0acf0f66c058418738a21e1fa551e,
        type: 3}
      propertyPath: m_LocalEulerAnglesHint.y
      value: 304.297
      objectReference: {fileID: 0}
    - target: {fileID: 9033480601153044912, guid: 2eb0acf0f66c058418738a21e1fa551e,
        type: 3}
      propertyPath: m_LocalEulerAnglesHint.z
      value: 0.651
      objectReference: {fileID: 0}
    - target: {fileID: 9033480601153044912, guid: 2eb0acf0f66c058418738a21e1fa551e,
        type: 3}
      propertyPath: m_LocalScale.x
      value: 1.131855
      objectReference: {fileID: 0}
    - target: {fileID: 9033480601153044912, guid: 2eb0acf0f66c058418738a21e1fa551e,
        type: 3}
      propertyPath: m_LocalScale.z
      value: 1.1180253
      objectReference: {fileID: 0}
    - target: {fileID: 9033480601153044912, guid: 2eb0acf0f66c058418738a21e1fa551e,
        type: 3}
      propertyPath: m_LocalScale.y
      value: 0.6254757
      objectReference: {fileID: 0}
    m_RemovedComponents: []
  m_SourcePrefab: {fileID: 100100000, guid: 2eb0acf0f66c058418738a21e1fa551e, type: 3}
--- !u!4 &3570655083980770419 stripped
Transform:
  m_CorrespondingSourceObject: {fileID: 9033480601153044912, guid: 2eb0acf0f66c058418738a21e1fa551e,
    type: 3}
  m_PrefabInstance: {fileID: 5535167345166765507}
  m_PrefabAsset: {fileID: 0}
--- !u!1001 &5782027999441421512
PrefabInstance:
  m_ObjectHideFlags: 0
  serializedVersion: 2
  m_Modification:
    m_TransformParent: {fileID: 2584711629773957268}
    m_Modifications:
    - target: {fileID: 9031676289938768216, guid: 2eb0acf0f66c058418738a21e1fa551e,
        type: 3}
      propertyPath: m_Name
      value: rpgpp_lt_rocks_tiny_01 (16)
      objectReference: {fileID: 0}
    - target: {fileID: 9033480601153044912, guid: 2eb0acf0f66c058418738a21e1fa551e,
        type: 3}
      propertyPath: m_LocalPosition.x
      value: 323.18652
      objectReference: {fileID: 0}
    - target: {fileID: 9033480601153044912, guid: 2eb0acf0f66c058418738a21e1fa551e,
        type: 3}
      propertyPath: m_LocalPosition.y
      value: 387.4265
      objectReference: {fileID: 0}
    - target: {fileID: 9033480601153044912, guid: 2eb0acf0f66c058418738a21e1fa551e,
        type: 3}
      propertyPath: m_LocalPosition.z
      value: 470.75665
      objectReference: {fileID: 0}
    - target: {fileID: 9033480601153044912, guid: 2eb0acf0f66c058418738a21e1fa551e,
        type: 3}
      propertyPath: m_LocalRotation.x
      value: -0.018449552
      objectReference: {fileID: 0}
    - target: {fileID: 9033480601153044912, guid: 2eb0acf0f66c058418738a21e1fa551e,
        type: 3}
      propertyPath: m_LocalRotation.y
      value: 0.933101
      objectReference: {fileID: 0}
    - target: {fileID: 9033480601153044912, guid: 2eb0acf0f66c058418738a21e1fa551e,
        type: 3}
      propertyPath: m_LocalRotation.z
      value: -0.041851856
      objectReference: {fileID: 0}
    - target: {fileID: 9033480601153044912, guid: 2eb0acf0f66c058418738a21e1fa551e,
        type: 3}
      propertyPath: m_LocalRotation.w
      value: -0.35669407
      objectReference: {fileID: 0}
    - target: {fileID: 9033480601153044912, guid: 2eb0acf0f66c058418738a21e1fa551e,
        type: 3}
      propertyPath: m_RootOrder
      value: 7
      objectReference: {fileID: 0}
    - target: {fileID: 9033480601153044912, guid: 2eb0acf0f66c058418738a21e1fa551e,
        type: 3}
      propertyPath: m_LocalEulerAnglesHint.x
      value: 2.256
      objectReference: {fileID: 0}
    - target: {fileID: 9033480601153044912, guid: 2eb0acf0f66c058418738a21e1fa551e,
        type: 3}
      propertyPath: m_LocalEulerAnglesHint.y
      value: 123.495
      objectReference: {fileID: 0}
    - target: {fileID: 9033480601153044912, guid: 2eb0acf0f66c058418738a21e1fa551e,
        type: 3}
      propertyPath: m_LocalEulerAnglesHint.z
      value: -0.683
      objectReference: {fileID: 0}
    - target: {fileID: 9033480601153044912, guid: 2eb0acf0f66c058418738a21e1fa551e,
        type: 3}
      propertyPath: m_LocalScale.x
      value: 1.1286399
      objectReference: {fileID: 0}
    - target: {fileID: 9033480601153044912, guid: 2eb0acf0f66c058418738a21e1fa551e,
        type: 3}
      propertyPath: m_LocalScale.z
      value: 1.1209708
      objectReference: {fileID: 0}
    - target: {fileID: 9033480601153044912, guid: 2eb0acf0f66c058418738a21e1fa551e,
        type: 3}
      propertyPath: m_LocalScale.y
      value: 0.62547576
      objectReference: {fileID: 0}
    m_RemovedComponents: []
  m_SourcePrefab: {fileID: 100100000, guid: 2eb0acf0f66c058418738a21e1fa551e, type: 3}
--- !u!4 &3269821594331874680 stripped
Transform:
  m_CorrespondingSourceObject: {fileID: 9033480601153044912, guid: 2eb0acf0f66c058418738a21e1fa551e,
    type: 3}
  m_PrefabInstance: {fileID: 5782027999441421512}
  m_PrefabAsset: {fileID: 0}
--- !u!1001 &6022377501019611411
PrefabInstance:
  m_ObjectHideFlags: 0
  serializedVersion: 2
  m_Modification:
    m_TransformParent: {fileID: 2584711629773957268}
    m_Modifications:
    - target: {fileID: 9031676289938768216, guid: 2eb0acf0f66c058418738a21e1fa551e,
        type: 3}
      propertyPath: m_Name
      value: rpgpp_lt_rocks_tiny_01 (18)
      objectReference: {fileID: 0}
    - target: {fileID: 9033480601153044912, guid: 2eb0acf0f66c058418738a21e1fa551e,
        type: 3}
      propertyPath: m_LocalPosition.x
      value: 324.6372
      objectReference: {fileID: 0}
    - target: {fileID: 9033480601153044912, guid: 2eb0acf0f66c058418738a21e1fa551e,
        type: 3}
      propertyPath: m_LocalPosition.y
      value: 387.53882
      objectReference: {fileID: 0}
    - target: {fileID: 9033480601153044912, guid: 2eb0acf0f66c058418738a21e1fa551e,
        type: 3}
      propertyPath: m_LocalPosition.z
      value: 471.43365
      objectReference: {fileID: 0}
    - target: {fileID: 9033480601153044912, guid: 2eb0acf0f66c058418738a21e1fa551e,
        type: 3}
      propertyPath: m_LocalRotation.x
      value: 0.03726039
      objectReference: {fileID: 0}
    - target: {fileID: 9033480601153044912, guid: 2eb0acf0f66c058418738a21e1fa551e,
        type: 3}
      propertyPath: m_LocalRotation.y
      value: -0.943776
      objectReference: {fileID: 0}
    - target: {fileID: 9033480601153044912, guid: 2eb0acf0f66c058418738a21e1fa551e,
        type: 3}
      propertyPath: m_LocalRotation.z
      value: 0.016472664
      objectReference: {fileID: 0}
    - target: {fileID: 9033480601153044912, guid: 2eb0acf0f66c058418738a21e1fa551e,
        type: 3}
      propertyPath: m_LocalRotation.w
      value: -0.32806587
      objectReference: {fileID: 0}
    - target: {fileID: 9033480601153044912, guid: 2eb0acf0f66c058418738a21e1fa551e,
        type: 3}
      propertyPath: m_RootOrder
      value: 9
      objectReference: {fileID: 0}
    - target: {fileID: 9033480601153044912, guid: 2eb0acf0f66c058418738a21e1fa551e,
        type: 3}
      propertyPath: m_LocalEulerAnglesHint.x
      value: -0.541
      objectReference: {fileID: 0}
    - target: {fileID: 9033480601153044912, guid: 2eb0acf0f66c058418738a21e1fa551e,
        type: 3}
      propertyPath: m_LocalEulerAnglesHint.y
      value: 403.339
      objectReference: {fileID: 0}
    - target: {fileID: 9033480601153044912, guid: 2eb0acf0f66c058418738a21e1fa551e,
        type: 3}
      propertyPath: m_LocalEulerAnglesHint.z
      value: -1.789
      objectReference: {fileID: 0}
    - target: {fileID: 9033480601153044912, guid: 2eb0acf0f66c058418738a21e1fa551e,
        type: 3}
      propertyPath: m_LocalScale.x
      value: 1.1841431
      objectReference: {fileID: 0}
    - target: {fileID: 9033480601153044912, guid: 2eb0acf0f66c058418738a21e1fa551e,
        type: 3}
      propertyPath: m_LocalScale.z
      value: 1.0703417
      objectReference: {fileID: 0}
    - target: {fileID: 9033480601153044912, guid: 2eb0acf0f66c058418738a21e1fa551e,
        type: 3}
      propertyPath: m_LocalScale.y
      value: 0.6253666
      objectReference: {fileID: 0}
    m_RemovedComponents: []
  m_SourcePrefab: {fileID: 100100000, guid: 2eb0acf0f66c058418738a21e1fa551e, type: 3}
--- !u!4 &3372799004710019235 stripped
Transform:
  m_CorrespondingSourceObject: {fileID: 9033480601153044912, guid: 2eb0acf0f66c058418738a21e1fa551e,
    type: 3}
  m_PrefabInstance: {fileID: 6022377501019611411}
  m_PrefabAsset: {fileID: 0}
--- !u!1001 &7103880235804479547
PrefabInstance:
  m_ObjectHideFlags: 0
  serializedVersion: 2
  m_Modification:
    m_TransformParent: {fileID: 2584711629773957268}
    m_Modifications:
    - target: {fileID: 9031676289938768216, guid: 2eb0acf0f66c058418738a21e1fa551e,
        type: 3}
      propertyPath: m_Name
      value: rpgpp_lt_rocks_tiny_01 (26)
      objectReference: {fileID: 0}
    - target: {fileID: 9033480601153044912, guid: 2eb0acf0f66c058418738a21e1fa551e,
        type: 3}
      propertyPath: m_LocalPosition.x
      value: 330.9043
      objectReference: {fileID: 0}
    - target: {fileID: 9033480601153044912, guid: 2eb0acf0f66c058418738a21e1fa551e,
        type: 3}
      propertyPath: m_LocalPosition.y
      value: 387.76245
      objectReference: {fileID: 0}
    - target: {fileID: 9033480601153044912, guid: 2eb0acf0f66c058418738a21e1fa551e,
        type: 3}
      propertyPath: m_LocalPosition.z
      value: 469.56232
      objectReference: {fileID: 0}
    - target: {fileID: 9033480601153044912, guid: 2eb0acf0f66c058418738a21e1fa551e,
        type: 3}
      propertyPath: m_LocalRotation.x
      value: -0.04068262
      objectReference: {fileID: 0}
    - target: {fileID: 9033480601153044912, guid: 2eb0acf0f66c058418738a21e1fa551e,
        type: 3}
      propertyPath: m_LocalRotation.y
      value: 0.6935839
      objectReference: {fileID: 0}
    - target: {fileID: 9033480601153044912, guid: 2eb0acf0f66c058418738a21e1fa551e,
        type: 3}
      propertyPath: m_LocalRotation.z
      value: 0.0021474955
      objectReference: {fileID: 0}
    - target: {fileID: 9033480601153044912, guid: 2eb0acf0f66c058418738a21e1fa551e,
        type: 3}
      propertyPath: m_LocalRotation.w
      value: 0.719223
      objectReference: {fileID: 0}
    - target: {fileID: 9033480601153044912, guid: 2eb0acf0f66c058418738a21e1fa551e,
        type: 3}
      propertyPath: m_RootOrder
      value: 17
      objectReference: {fileID: 0}
    - target: {fileID: 9033480601153044912, guid: 2eb0acf0f66c058418738a21e1fa551e,
        type: 3}
      propertyPath: m_LocalEulerAnglesHint.x
      value: -1.7630001
      objectReference: {fileID: 0}
    - target: {fileID: 9033480601153044912, guid: 2eb0acf0f66c058418738a21e1fa551e,
        type: 3}
      propertyPath: m_LocalEulerAnglesHint.y
      value: 709.596
      objectReference: {fileID: 0}
    - target: {fileID: 9033480601153044912, guid: 2eb0acf0f66c058418738a21e1fa551e,
        type: 3}
      propertyPath: m_LocalEulerAnglesHint.z
      value: -0.62200004
      objectReference: {fileID: 0}
    - target: {fileID: 9033480601153044912, guid: 2eb0acf0f66c058418738a21e1fa551e,
        type: 3}
      propertyPath: m_LocalScale.x
      value: 1.2931015
      objectReference: {fileID: 0}
    - target: {fileID: 9033480601153044912, guid: 2eb0acf0f66c058418738a21e1fa551e,
        type: 3}
      propertyPath: m_LocalScale.z
      value: 0.97065276
      objectReference: {fileID: 0}
    - target: {fileID: 9033480601153044912, guid: 2eb0acf0f66c058418738a21e1fa551e,
        type: 3}
      propertyPath: m_LocalScale.y
      value: 0.625367
      objectReference: {fileID: 0}
    m_RemovedComponents: []
  m_SourcePrefab: {fileID: 100100000, guid: 2eb0acf0f66c058418738a21e1fa551e, type: 3}
--- !u!4 &2291016994492207499 stripped
Transform:
  m_CorrespondingSourceObject: {fileID: 9033480601153044912, guid: 2eb0acf0f66c058418738a21e1fa551e,
    type: 3}
  m_PrefabInstance: {fileID: 7103880235804479547}
  m_PrefabAsset: {fileID: 0}
--- !u!1001 &7408529528603666769
PrefabInstance:
  m_ObjectHideFlags: 0
  serializedVersion: 2
  m_Modification:
    m_TransformParent: {fileID: 2584711629773957268}
    m_Modifications:
    - target: {fileID: 6202291013769367547, guid: 9c20183d5cecfcf469bede947a2d16df,
        type: 3}
      propertyPath: m_Name
      value: rpgpp_lt_building_05
      objectReference: {fileID: 0}
    - target: {fileID: 6197238096194453033, guid: 9c20183d5cecfcf469bede947a2d16df,
        type: 3}
      propertyPath: m_LocalPosition.x
      value: 324.48633
      objectReference: {fileID: 0}
    - target: {fileID: 6197238096194453033, guid: 9c20183d5cecfcf469bede947a2d16df,
        type: 3}
      propertyPath: m_LocalPosition.y
      value: 388.2605
      objectReference: {fileID: 0}
    - target: {fileID: 6197238096194453033, guid: 9c20183d5cecfcf469bede947a2d16df,
        type: 3}
      propertyPath: m_LocalPosition.z
      value: 435.23083
      objectReference: {fileID: 0}
    - target: {fileID: 6197238096194453033, guid: 9c20183d5cecfcf469bede947a2d16df,
        type: 3}
      propertyPath: m_LocalRotation.x
      value: 0.0031869165
      objectReference: {fileID: 0}
    - target: {fileID: 6197238096194453033, guid: 9c20183d5cecfcf469bede947a2d16df,
        type: 3}
      propertyPath: m_LocalRotation.y
      value: 0.41632235
      objectReference: {fileID: 0}
    - target: {fileID: 6197238096194453033, guid: 9c20183d5cecfcf469bede947a2d16df,
        type: 3}
      propertyPath: m_LocalRotation.z
      value: 0.018258963
      objectReference: {fileID: 0}
    - target: {fileID: 6197238096194453033, guid: 9c20183d5cecfcf469bede947a2d16df,
        type: 3}
      propertyPath: m_LocalRotation.w
      value: 0.9090282
      objectReference: {fileID: 0}
    - target: {fileID: 6197238096194453033, guid: 9c20183d5cecfcf469bede947a2d16df,
        type: 3}
      propertyPath: m_RootOrder
      value: 4
      objectReference: {fileID: 0}
    - target: {fileID: 6197238096194453033, guid: 9c20183d5cecfcf469bede947a2d16df,
        type: 3}
      propertyPath: m_LocalEulerAnglesHint.x
      value: -0.53900003
      objectReference: {fileID: 0}
    - target: {fileID: 6197238096194453033, guid: 9c20183d5cecfcf469bede947a2d16df,
        type: 3}
      propertyPath: m_LocalEulerAnglesHint.y
      value: 49.205
      objectReference: {fileID: 0}
    - target: {fileID: 6197238096194453033, guid: 9c20183d5cecfcf469bede947a2d16df,
        type: 3}
      propertyPath: m_LocalEulerAnglesHint.z
      value: 2.055
      objectReference: {fileID: 0}
    - target: {fileID: 6197238096194453033, guid: 9c20183d5cecfcf469bede947a2d16df,
        type: 3}
      propertyPath: m_LocalScale.x
      value: 2
      objectReference: {fileID: 0}
    - target: {fileID: 6197238096194453033, guid: 9c20183d5cecfcf469bede947a2d16df,
        type: 3}
      propertyPath: m_LocalScale.y
      value: 2
      objectReference: {fileID: 0}
    - target: {fileID: 6197238096194453033, guid: 9c20183d5cecfcf469bede947a2d16df,
        type: 3}
      propertyPath: m_LocalScale.z
      value: 2
      objectReference: {fileID: 0}
    m_RemovedComponents: []
  m_SourcePrefab: {fileID: 100100000, guid: 9c20183d5cecfcf469bede947a2d16df, type: 3}
--- !u!4 &3517699902523692920 stripped
Transform:
  m_CorrespondingSourceObject: {fileID: 6197238096194453033, guid: 9c20183d5cecfcf469bede947a2d16df,
    type: 3}
  m_PrefabInstance: {fileID: 7408529528603666769}
  m_PrefabAsset: {fileID: 0}
--- !u!1001 &7408529528915723872
PrefabInstance:
  m_ObjectHideFlags: 0
  serializedVersion: 2
  m_Modification:
    m_TransformParent: {fileID: 2584711629773957268}
    m_Modifications:
    - target: {fileID: 6124701968332809737, guid: b1f0cc8fc419b1e4eab9ab11feaf9647,
        type: 3}
      propertyPath: m_Name
      value: rpgpp_lt_building_02
      objectReference: {fileID: 0}
    - target: {fileID: 6121643007863968051, guid: b1f0cc8fc419b1e4eab9ab11feaf9647,
        type: 3}
      propertyPath: m_LocalPosition.x
      value: 282.88623
      objectReference: {fileID: 0}
    - target: {fileID: 6121643007863968051, guid: b1f0cc8fc419b1e4eab9ab11feaf9647,
        type: 3}
      propertyPath: m_LocalPosition.y
      value: 390.6411
      objectReference: {fileID: 0}
    - target: {fileID: 6121643007863968051, guid: b1f0cc8fc419b1e4eab9ab11feaf9647,
        type: 3}
      propertyPath: m_LocalPosition.z
      value: 458.4308
      objectReference: {fileID: 0}
    - target: {fileID: 6121643007863968051, guid: b1f0cc8fc419b1e4eab9ab11feaf9647,
        type: 3}
      propertyPath: m_LocalRotation.x
      value: -0
      objectReference: {fileID: 0}
    - target: {fileID: 6121643007863968051, guid: b1f0cc8fc419b1e4eab9ab11feaf9647,
        type: 3}
      propertyPath: m_LocalRotation.y
      value: 0.76337963
      objectReference: {fileID: 0}
    - target: {fileID: 6121643007863968051, guid: b1f0cc8fc419b1e4eab9ab11feaf9647,
        type: 3}
      propertyPath: m_LocalRotation.z
      value: -0
      objectReference: {fileID: 0}
    - target: {fileID: 6121643007863968051, guid: b1f0cc8fc419b1e4eab9ab11feaf9647,
        type: 3}
      propertyPath: m_LocalRotation.w
      value: 0.6459501
      objectReference: {fileID: 0}
    - target: {fileID: 6121643007863968051, guid: b1f0cc8fc419b1e4eab9ab11feaf9647,
        type: 3}
      propertyPath: m_RootOrder
      value: 3
      objectReference: {fileID: 0}
    - target: {fileID: 6121643007863968051, guid: b1f0cc8fc419b1e4eab9ab11feaf9647,
        type: 3}
      propertyPath: m_LocalEulerAnglesHint.x
      value: 0
      objectReference: {fileID: 0}
    - target: {fileID: 6121643007863968051, guid: b1f0cc8fc419b1e4eab9ab11feaf9647,
        type: 3}
      propertyPath: m_LocalEulerAnglesHint.y
      value: 99.526
      objectReference: {fileID: 0}
    - target: {fileID: 6121643007863968051, guid: b1f0cc8fc419b1e4eab9ab11feaf9647,
        type: 3}
      propertyPath: m_LocalEulerAnglesHint.z
      value: 0
      objectReference: {fileID: 0}
    m_RemovedComponents: []
  m_SourcePrefab: {fileID: 100100000, guid: b1f0cc8fc419b1e4eab9ab11feaf9647, type: 3}
--- !u!4 &3613034494979725139 stripped
Transform:
  m_CorrespondingSourceObject: {fileID: 6121643007863968051, guid: b1f0cc8fc419b1e4eab9ab11feaf9647,
    type: 3}
  m_PrefabInstance: {fileID: 7408529528915723872}
  m_PrefabAsset: {fileID: 0}
--- !u!1001 &8252244592622813279
PrefabInstance:
  m_ObjectHideFlags: 0
  serializedVersion: 2
  m_Modification:
    m_TransformParent: {fileID: 2584711629773957268}
    m_Modifications:
    - target: {fileID: 9031676289938768216, guid: 2eb0acf0f66c058418738a21e1fa551e,
        type: 3}
      propertyPath: m_Name
      value: rpgpp_lt_rocks_tiny_01 (28)
      objectReference: {fileID: 0}
    - target: {fileID: 9033480601153044912, guid: 2eb0acf0f66c058418738a21e1fa551e,
        type: 3}
      propertyPath: m_LocalPosition.x
      value: 321.4419
      objectReference: {fileID: 0}
    - target: {fileID: 9033480601153044912, guid: 2eb0acf0f66c058418738a21e1fa551e,
        type: 3}
      propertyPath: m_LocalPosition.y
      value: 387.42065
      objectReference: {fileID: 0}
    - target: {fileID: 9033480601153044912, guid: 2eb0acf0f66c058418738a21e1fa551e,
        type: 3}
      propertyPath: m_LocalPosition.z
      value: 471.79254
      objectReference: {fileID: 0}
    - target: {fileID: 9033480601153044912, guid: 2eb0acf0f66c058418738a21e1fa551e,
        type: 3}
      propertyPath: m_LocalRotation.x
      value: 0.003164846
      objectReference: {fileID: 0}
    - target: {fileID: 9033480601153044912, guid: 2eb0acf0f66c058418738a21e1fa551e,
        type: 3}
      propertyPath: m_LocalRotation.y
      value: 0.7574699
      objectReference: {fileID: 0}
    - target: {fileID: 9033480601153044912, guid: 2eb0acf0f66c058418738a21e1fa551e,
        type: 3}
      propertyPath: m_LocalRotation.z
      value: -0.02607209
      objectReference: {fileID: 0}
    - target: {fileID: 9033480601153044912, guid: 2eb0acf0f66c058418738a21e1fa551e,
        type: 3}
      propertyPath: m_LocalRotation.w
      value: -0.65234166
      objectReference: {fileID: 0}
    - target: {fileID: 9033480601153044912, guid: 2eb0acf0f66c058418738a21e1fa551e,
        type: 3}
      propertyPath: m_RootOrder
      value: 19
      objectReference: {fileID: 0}
    - target: {fileID: 9033480601153044912, guid: 2eb0acf0f66c058418738a21e1fa551e,
        type: 3}
      propertyPath: m_LocalEulerAnglesHint.x
      value: 0
      objectReference: {fileID: 0}
    - target: {fileID: 9033480601153044912, guid: 2eb0acf0f66c058418738a21e1fa551e,
        type: 3}
      propertyPath: m_LocalEulerAnglesHint.y
      value: 163.16501
      objectReference: {fileID: 0}
    - target: {fileID: 9033480601153044912, guid: 2eb0acf0f66c058418738a21e1fa551e,
        type: 3}
      propertyPath: m_LocalEulerAnglesHint.z
      value: 0
      objectReference: {fileID: 0}
    - target: {fileID: 9033480601153044912, guid: 2eb0acf0f66c058418738a21e1fa551e,
        type: 3}
      propertyPath: m_LocalScale.x
      value: 1.2804387
      objectReference: {fileID: 0}
    - target: {fileID: 9033480601153044912, guid: 2eb0acf0f66c058418738a21e1fa551e,
        type: 3}
      propertyPath: m_LocalScale.z
      value: 0.9823927
      objectReference: {fileID: 0}
    - target: {fileID: 9033480601153044912, guid: 2eb0acf0f66c058418738a21e1fa551e,
        type: 3}
      propertyPath: m_LocalScale.y
      value: 0.6252564
      objectReference: {fileID: 0}
    m_RemovedComponents: []
  m_SourcePrefab: {fileID: 100100000, guid: 2eb0acf0f66c058418738a21e1fa551e, type: 3}
--- !u!4 &1141805454330413551 stripped
Transform:
  m_CorrespondingSourceObject: {fileID: 9033480601153044912, guid: 2eb0acf0f66c058418738a21e1fa551e,
    type: 3}
  m_PrefabInstance: {fileID: 8252244592622813279}
  m_PrefabAsset: {fileID: 0}
--- !u!1001 &8404077511823364330
PrefabInstance:
  m_ObjectHideFlags: 0
  serializedVersion: 2
  m_Modification:
    m_TransformParent: {fileID: 2584711629773957268}
    m_Modifications:
    - target: {fileID: 9031676289938768216, guid: 2eb0acf0f66c058418738a21e1fa551e,
        type: 3}
      propertyPath: m_Name
      value: rpgpp_lt_rocks_tiny_01 (19)
      objectReference: {fileID: 0}
    - target: {fileID: 9033480601153044912, guid: 2eb0acf0f66c058418738a21e1fa551e,
        type: 3}
      propertyPath: m_LocalPosition.x
      value: 326.34766
      objectReference: {fileID: 0}
    - target: {fileID: 9033480601153044912, guid: 2eb0acf0f66c058418738a21e1fa551e,
        type: 3}
      propertyPath: m_LocalPosition.y
      value: 387.60156
      objectReference: {fileID: 0}
    - target: {fileID: 9033480601153044912, guid: 2eb0acf0f66c058418738a21e1fa551e,
        type: 3}
      propertyPath: m_LocalPosition.z
      value: 470.79108
      objectReference: {fileID: 0}
    - target: {fileID: 9033480601153044912, guid: 2eb0acf0f66c058418738a21e1fa551e,
        type: 3}
      propertyPath: m_LocalRotation.x
      value: -0.0088895885
      objectReference: {fileID: 0}
    - target: {fileID: 9033480601153044912, guid: 2eb0acf0f66c058418738a21e1fa551e,
        type: 3}
      propertyPath: m_LocalRotation.y
      value: 0.824705
      objectReference: {fileID: 0}
    - target: {fileID: 9033480601153044912, guid: 2eb0acf0f66c058418738a21e1fa551e,
        type: 3}
      propertyPath: m_LocalRotation.z
      value: -0.033612024
      objectReference: {fileID: 0}
    - target: {fileID: 9033480601153044912, guid: 2eb0acf0f66c058418738a21e1fa551e,
        type: 3}
      propertyPath: m_LocalRotation.w
      value: -0.5644935
      objectReference: {fileID: 0}
    - target: {fileID: 9033480601153044912, guid: 2eb0acf0f66c058418738a21e1fa551e,
        type: 3}
      propertyPath: m_RootOrder
      value: 10
      objectReference: {fileID: 0}
    - target: {fileID: 9033480601153044912, guid: 2eb0acf0f66c058418738a21e1fa551e,
        type: 3}
      propertyPath: m_LocalEulerAnglesHint.x
      value: 1.2880001
      objectReference: {fileID: 0}
    - target: {fileID: 9033480601153044912, guid: 2eb0acf0f66c058418738a21e1fa551e,
        type: 3}
      propertyPath: m_LocalEulerAnglesHint.y
      value: 150.444
      objectReference: {fileID: 0}
    - target: {fileID: 9033480601153044912, guid: 2eb0acf0f66c058418738a21e1fa551e,
        type: 3}
      propertyPath: m_LocalEulerAnglesHint.z
      value: -0.39000002
      objectReference: {fileID: 0}
    - target: {fileID: 9033480601153044912, guid: 2eb0acf0f66c058418738a21e1fa551e,
        type: 3}
      propertyPath: m_LocalScale.x
      value: 1.2408578
      objectReference: {fileID: 0}
    - target: {fileID: 9033480601153044912, guid: 2eb0acf0f66c058418738a21e1fa551e,
        type: 3}
      propertyPath: m_LocalScale.z
      value: 1.0185496
      objectReference: {fileID: 0}
    - target: {fileID: 9033480601153044912, guid: 2eb0acf0f66c058418738a21e1fa551e,
        type: 3}
      propertyPath: m_LocalScale.y
      value: 0.62529606
      objectReference: {fileID: 0}
    m_RemovedComponents: []
  m_SourcePrefab: {fileID: 100100000, guid: 2eb0acf0f66c058418738a21e1fa551e, type: 3}
--- !u!4 &719477831729975642 stripped
Transform:
  m_CorrespondingSourceObject: {fileID: 9033480601153044912, guid: 2eb0acf0f66c058418738a21e1fa551e,
    type: 3}
  m_PrefabInstance: {fileID: 8404077511823364330}
  m_PrefabAsset: {fileID: 0}
--- !u!1001 &8823410128507482246
PrefabInstance:
  m_ObjectHideFlags: 0
  serializedVersion: 2
  m_Modification:
    m_TransformParent: {fileID: 2584711629773957268}
    m_Modifications:
    - target: {fileID: 9031676289938768216, guid: 2eb0acf0f66c058418738a21e1fa551e,
        type: 3}
      propertyPath: m_Name
      value: rpgpp_lt_rocks_tiny_01 (24)
      objectReference: {fileID: 0}
    - target: {fileID: 9033480601153044912, guid: 2eb0acf0f66c058418738a21e1fa551e,
        type: 3}
      propertyPath: m_LocalPosition.x
      value: 327.5586
      objectReference: {fileID: 0}
    - target: {fileID: 9033480601153044912, guid: 2eb0acf0f66c058418738a21e1fa551e,
        type: 3}
      propertyPath: m_LocalPosition.y
      value: 387.6892
      objectReference: {fileID: 0}
    - target: {fileID: 9033480601153044912, guid: 2eb0acf0f66c058418738a21e1fa551e,
        type: 3}
      propertyPath: m_LocalPosition.z
      value: 471.05768
      objectReference: {fileID: 0}
    - target: {fileID: 9033480601153044912, guid: 2eb0acf0f66c058418738a21e1fa551e,
        type: 3}
      propertyPath: m_LocalRotation.x
      value: 0.02604929
      objectReference: {fileID: 0}
    - target: {fileID: 9033480601153044912, guid: 2eb0acf0f66c058418738a21e1fa551e,
        type: 3}
      propertyPath: m_LocalRotation.y
      value: -0.6576244
      objectReference: {fileID: 0}
    - target: {fileID: 9033480601153044912, guid: 2eb0acf0f66c058418738a21e1fa551e,
        type: 3}
      propertyPath: m_LocalRotation.z
      value: 0.003347174
      objectReference: {fileID: 0}
    - target: {fileID: 9033480601153044912, guid: 2eb0acf0f66c058418738a21e1fa551e,
        type: 3}
      propertyPath: m_LocalRotation.w
      value: -0.752888
      objectReference: {fileID: 0}
    - target: {fileID: 9033480601153044912, guid: 2eb0acf0f66c058418738a21e1fa551e,
        type: 3}
      propertyPath: m_RootOrder
      value: 15
      objectReference: {fileID: 0}
    - target: {fileID: 9033480601153044912, guid: 2eb0acf0f66c058418738a21e1fa551e,
        type: 3}
      propertyPath: m_LocalEulerAnglesHint.x
      value: 0
      objectReference: {fileID: 0}
    - target: {fileID: 9033480601153044912, guid: 2eb0acf0f66c058418738a21e1fa551e,
        type: 3}
      propertyPath: m_LocalEulerAnglesHint.y
      value: 343.966
      objectReference: {fileID: 0}
    - target: {fileID: 9033480601153044912, guid: 2eb0acf0f66c058418738a21e1fa551e,
        type: 3}
      propertyPath: m_LocalEulerAnglesHint.z
      value: 0
      objectReference: {fileID: 0}
    - target: {fileID: 9033480601153044912, guid: 2eb0acf0f66c058418738a21e1fa551e,
        type: 3}
      propertyPath: m_LocalScale.x
      value: 1.2823236
      objectReference: {fileID: 0}
    - target: {fileID: 9033480601153044912, guid: 2eb0acf0f66c058418738a21e1fa551e,
        type: 3}
      propertyPath: m_LocalScale.z
      value: 0.98066723
      objectReference: {fileID: 0}
    - target: {fileID: 9033480601153044912, guid: 2eb0acf0f66c058418738a21e1fa551e,
        type: 3}
      propertyPath: m_LocalScale.y
      value: 0.6252564
      objectReference: {fileID: 0}
    m_RemovedComponents: []
  m_SourcePrefab: {fileID: 100100000, guid: 2eb0acf0f66c058418738a21e1fa551e, type: 3}
--- !u!4 &517441707178570038 stripped
Transform:
  m_CorrespondingSourceObject: {fileID: 9033480601153044912, guid: 2eb0acf0f66c058418738a21e1fa551e,
    type: 3}
  m_PrefabInstance: {fileID: 8823410128507482246}
  m_PrefabAsset: {fileID: 0}
